<?xml version="1.0" encoding="UTF-8"?><collection xmlns="http://www.loc.gov/MARC21/slim"><record><leader>00488nam--2200193-i-4500</leader><controlfield tag="001">000032804</controlfield><controlfield tag="002">20161230</controlfield><controlfield tag="005">20161230201039</controlfield><controlfield tag="008">060222s1000------------r-----000-0-RUM-d</controlfield><datafield ind1=" " ind2=" " tag="040"><subfield code="a">IFIN-HH</subfield></datafield><datafield ind1=" " ind2=" " tag="041"><subfield code="a">RUM</subfield></datafield><datafield ind1=" " ind2=" " tag="080"><subfield code="a">517</subfield></datafield><datafield ind1="1" ind2=" " tag="100"><subfield code="a">Micu, Gh. Si Mihoc, Gh</subfield></datafield><datafield ind1="1" ind2="0" tag="245"><subfield code="a">Introducere in teoria probabilitatilor</subfield><subfield code="c">Gh. mihoc; n.micu</subfield></datafield><datafield ind1=" " ind2=" " tag="260"><subfield code="a">Bucuresti, Ed.Tehnica, 1970</subfield></datafield><datafield ind1=" " ind2=" " tag="300"><subfield code="a">242P</subfield></datafield><datafield ind1=" " ind2=" " tag="650"><subfield code="a">Probabilitati</subfield></datafield><datafield ind1=" " ind2=" " tag="852"><subfield code="a">33585</subfield><subfield code="c">519.2</subfield></datafield><datafield ind1=" " ind2=" " tag="CAT"><subfield code="a">Sys</subfield><subfield code="c">20100525</subfield><subfield code="h">132759</subfield></datafield></record></collection>